<?xml version="1.0" encoding="UTF-8" ?>
<collection xmlns:xsi="http://www.w3.org/2001/XMLSchema-instance"
    xsi:schemaLocation="http://www.loc.gov/MARC21/slim
        http://www.loc.gov/standards/marcxml/schema/MARC21slim.xsd"
    xmlns="http://www.loc.gov/MARC21/slim">
<record>
  <leader>00252nam a2200481 i 4500</leader>
  <controlfield tag="001">b18069484</controlfield>
  <controlfield tag="003">LeBAU</controlfield>
  <controlfield tag="005">20180914</controlfield>
  <controlfield tag="008">140416q1946    iq       b    ||0 0 ara d</controlfield>
  <datafield tag="040" ind1=" " ind2=" ">
    <subfield code="a">LEAUB</subfield>
    <subfield code="b">ara</subfield>
    <subfield code="e">rda</subfield>
    <subfield code="c">LEAUB</subfield>
  </datafield>
  <datafield tag="082" ind1="0" ind2="4">
    <subfield code="a">297.8</subfield>
    <subfield code="2">22</subfield>
  </datafield>
  <datafield tag="100" ind1="1" ind2=" ">
    <subfield code="6">880-01</subfield>
    <subfield code="a">Sharaf al-Dīn, ʻAbd al-Ḥusayn,</subfield>
    <subfield code="e">author.</subfield>
  </datafield>
  <datafield tag="245" ind1="1" ind2="0">
    <subfield code="6">880-02</subfield>
    <subfield code="a">al-Fuṣūl al-muhimmah fī taʼlīf al-ummah ;</subfield>
    <subfield code="b">wa-yalīhā al-kalimah al-gharrā’ fī tafḍīl al-zahrā’ /</subfield>
    <subfield code="c">al-Imām ʻAbd al-Ḥusayn Sharaf al-Dīn al-Mūsawī.</subfield>
  </datafield>
  <datafield tag="250" ind1=" " ind2=" ">
    <subfield code="6">880-03</subfield>
    <subfield code="a">al-Ṭabʻah al-khāmisah.</subfield>
  </datafield>
  <datafield tag="264" ind1=" " ind2="1">
    <subfield code="6">880-04</subfield>
    <subfield code="a">[al-Najaf] :</subfield>
    <subfield code="b">Dār al-Nuʻmān lil-Ṭibāʻah wa-al-Nashr,</subfield>
    <subfield code="c">[1946?]</subfield>
  </datafield>
  <datafield tag="300" ind1=" " ind2=" ">
    <subfield code="6">880-05</subfield>
    <subfield code="a">256 pages ;</subfield>
    <subfield code="c">24 cm</subfield>
  </datafield>
  <datafield tag="336" ind1=" " ind2=" ">
    <subfield code="a">text</subfield>
    <subfield code="b">txt</subfield>
    <subfield code="2">rdacontent</subfield>
  </datafield>
  <datafield tag="337" ind1=" " ind2=" ">
    <subfield code="a">unmediated</subfield>
    <subfield code="b">n</subfield>
    <subfield code="2">rdamedia</subfield>
  </datafield>
  <datafield tag="338" ind1=" " ind2=" ">
    <subfield code="a">volume</subfield>
    <subfield code="b">nc</subfield>
    <subfield code="2">rdacarrier</subfield>
  </datafield>
  <datafield tag="504" ind1=" " ind2=" ">
    <subfield code="a">يتضمن مراجع ببليوغرافية.</subfield>
  </datafield>
  <datafield tag="600" ind1="0" ind2="4">
    <subfield code="a">فاطمة،</subfield>
    <subfield code="d">-632 او 633.</subfield>
  </datafield>
  <datafield tag="600" ind1="0" ind2="0">
    <subfield code="a">Fāṭimah,</subfield>
    <subfield code="d">-632 or 633.</subfield>
  </datafield>
  <datafield tag="650" ind1=" " ind2="4">
    <subfield code="a">السنة</subfield>
    <subfield code="x">علاقات</subfield>
    <subfield code="x">الشيعة.</subfield>
  </datafield>
  <datafield tag="650" ind1=" " ind2="4">
    <subfield code="a">الشيعة</subfield>
    <subfield code="x">علاقات</subfield>
    <subfield code="x">السنة.</subfield>
  </datafield>
  <datafield tag="650" ind1=" " ind2="4">
    <subfield code="a">الاسلام</subfield>
    <subfield code="x">اعمال دفع المطاعن الدينية.</subfield>
  </datafield>
  <datafield tag="650" ind1=" " ind2="4">
    <subfield code="a">الشيعة</subfield>
    <subfield code="x">عقائد.</subfield>
  </datafield>
  <datafield tag="650" ind1=" " ind2="0">
    <subfield code="a">Shīʻah</subfield>
    <subfield code="x">Relations</subfield>
    <subfield code="x">Sunnites.</subfield>
  </datafield>
  <datafield tag="650" ind1=" " ind2="0">
    <subfield code="a">Sunnites</subfield>
    <subfield code="x">Relations</subfield>
    <subfield code="x">Shīʻah.</subfield>
  </datafield>
  <datafield tag="650" ind1=" " ind2="0">
    <subfield code="a">Islam</subfield>
    <subfield code="x">Apologetic works.</subfield>
  </datafield>
  <datafield tag="650" ind1=" " ind2="0">
    <subfield code="a">Shīʻah</subfield>
    <subfield code="x">Doctrines.</subfield>
  </datafield>
  <datafield tag="700" ind1="1" ind2="2">
    <subfield code="6">880-06</subfield>
    <subfield code="a">Sharaf al-Dīn, ʻAbd al-Ḥusayn.</subfield>
    <subfield code="t">kalimah al-gharrā’ fī tafḍīl al-zahrā’.</subfield>
  </datafield>
  <datafield tag="775" ind1="0" ind2="8">
    <subfield code="6">880-07</subfield>
    <subfield code="i">has designation of edition</subfield>
    <subfield code="4">http://rdaregistry.info/Elements/m/P30133 :</subfield>
    <subfield code="t">al-Fuṣūl al-muhimmah fī taʼlīf al-ummah ; wa-yalīhā al-kalimah al-gharrā’ fī tafḍīl al-zahrā’.</subfield>
    <subfield code="b">al-Ṭabʻah al-thālithah.</subfield>
    <subfield code="d">al-Najaf : Maṭbaʻat al-Najaf, 1955</subfield>
    <subfield code="w">(OCoLC)784293531</subfield>
    <subfield code="w">(OCoLC)784293531</subfield>
  </datafield>
  <datafield tag="852" ind1=" " ind2=" ">
    <subfield code="a">Jafet Library</subfield>
    <subfield code="e">American University of Beirut, Bliss Street , Beirut, Lebanon.</subfield>
  </datafield>
  <datafield tag="880" ind1="1" ind2=" ">
    <subfield code="6">100-01/(3/r</subfield>
    <subfield code="a">شرف الدين، عبد الحسين،</subfield>
    <subfield code="e">مؤلف. </subfield>
    <subfield code="4">aut.</subfield>
  </datafield>
  <datafield tag="880" ind1="1" ind2="3">
    <subfield code="6">245-02/(3/r</subfield>
    <subfield code="a">الفصول المهمة في تأليف الامة ؛</subfield>
    <subfield code="b">ويليها الكلمة الغراء في تفضيل الزهراء /</subfield>
    <subfield code="c">الإمام عبد الحسين شرف الدين الموسوي.</subfield>
  </datafield>
  <datafield tag="880" ind1=" " ind2=" ">
    <subfield code="6">250-03/(3/r</subfield>
    <subfield code="a">الطبعة الخامسة.</subfield>
  </datafield>
  <datafield tag="880" ind1=" " ind2="1">
    <subfield code="6">264-04/(3/r</subfield>
    <subfield code="a">[النجف] :</subfield>
    <subfield code="b">دار النعمان للطباعة والنشر،</subfield>
    <subfield code="c">[1946؟]</subfield>
  </datafield>
  <datafield tag="880" ind1=" " ind2=" ">
    <subfield code="6">300-05/(3/r</subfield>
    <subfield code="a">256 صفحة ؛</subfield>
    <subfield code="c">24 سم</subfield>
  </datafield>
  <datafield tag="880" ind1="1" ind2="2">
    <subfield code="6">700-06/(3/r</subfield>
    <subfield code="a">شرف الدين، عبد الحسين.</subfield>
    <subfield code="t">الكلمة الغراء في تفضيل الزهراء.</subfield>
  </datafield>
  <datafield tag="880" ind1="0" ind2="8">
    <subfield code="6">775-07/(3/r</subfield>
    <subfield code="i">دلالة على الطبعة</subfield>
    <subfield code="4">http://rdaregistry.info/Elements/m/P30133 :</subfield>
    <subfield code="t">الفصول المهمة في تأليف الأمة ؛ ويليها الكلمة الغراء في تفضيل الزهراء.</subfield>
    <subfield code="b">الطبعة الثالثة.</subfield>
    <subfield code="d">النجف : مطبعة النجف، 1955</subfield>
    <subfield code="w">b12387101</subfield>
    <subfield code="w">(OCoLC)784293531</subfield>
  </datafield>
  <datafield tag="907" ind1=" " ind2=" ">
    <subfield code="a">.b18069484</subfield>
    <subfield code="b">18-09-14</subfield>
    <subfield code="c">14-04-16</subfield>
  </datafield>
  <datafield tag="945" ind1=" " ind2=" ">
    <subfield code="f">J</subfield>
    <subfield code="a">297.8:Sh532f5A</subfield>
    <subfield code="i">01011647</subfield>
    <subfield code="j">.i12845486</subfield>
    <subfield code="l">u0503</subfield>
  </datafield>
  <datafield tag="998" ind1=" " ind2=" ">
    <subfield code="a">u05</subfield>
    <subfield code="b">14-04-16</subfield>
    <subfield code="c">m</subfield>
    <subfield code="d">a  </subfield>
    <subfield code="e">-</subfield>
    <subfield code="f">ara</subfield>
    <subfield code="g">iq </subfield>
    <subfield code="h">0</subfield>
    <subfield code="i">0</subfield>
  </datafield>
</record>
</collection>
